@article{drought,
  author = {Arjenaki,F. G. and Jabbari,R. and Morshedi,A.},
  title = {{Evaluation of drought stress on relative water content, chlorophyll content and mineral elements of wheat (\textit{Triticum aestivum L.}) varieties.}},
  journal = {International Journal of Agriculture and Crop Sciences},
  year = {2012},
  volume = {4},
  number = {11},
  pages = {726–729},
}


@article{chlorophyll,
	author = {Yetik, Ali Kaan and Cando{\u g}an, Burak Nazmi},
	title = {{Chlorophyll Response to Water Stress and the Potential of Using Crop Water Stress Index in Sugar Beet Farming}},
	journal = {Sugar Tech},
	volume = {25},
	number = {1},
	pages = {57-68},
	year = {2023},
	month = {2},
  day = {1},
	doi = {10.1007/s12355-022-01184-6}
}

@ARTICLE{biomass,
  title    = "Impacts of heat, drought, and combined heat-drought stress on
              yield, phenotypic traits, and gluten protein traits: capturing
              stability of spring wheat in excessive environments",
  author   = "Lama, Sbatie and Leiva, Fernanda and Vallenback, Pernilla and
              Chawade, Aakash and Kuktaite, Ramune",
  journal  = "Front. Plant Sci.",
  volume   =  {14},
  pages    = "1179701",
  year     =  {2023},
  month    =  {5},
  day = {19},
  doi = {10.3389/fpls.2023.1179701}
}


@article{heat,
	author = {Fu, Jianming and Krishna Jagadish, S. V. and Bowden, Robert L.},
	journal = {Crop science},
	language = {eng},
	number = {5},
	pages = {1926-1936},
	title = {Effects of post‐flowering heat stress on chlorophyll content and yield components of a spring wheat diversity panel},
	volume = {62},
	year = {2022},
  month = {5},
  day = {26},
  doi = {10.1002/csc2.20778}}


@article{irrigation,
	author = {Kazuhiro Nishida and Shuichiro Yoshida and Sho Shiozawa},
	doi = {10.1016/j.agwat.2017.11.021},
	journal = {Agricultural Water Management},
	pages = {10-18},
	title = {Theoretical analysis of the effects of irrigation rate and paddy water depth on water and leaf temperatures in a paddy field continuously irrigated with running water},
	volume = {198},
	year = {2018},
  month = {2},
  day = {2}
  }
